<?xml version="1.0" encoding="UTF-8"?><collection xmlns="http://www.loc.gov/MARC21/slim"><record><leader>00730nam--2200205-i-4500</leader><controlfield tag="001">000034099</controlfield><controlfield tag="002">20161230</controlfield><controlfield tag="005">20161230201039</controlfield><controlfield tag="008">060222s1000------------r-----000-0-eng-d</controlfield><datafield ind1=" " ind2=" " tag="020"><subfield code="a">0306388103</subfield></datafield><datafield ind1=" " ind2=" " tag="040"><subfield code="a">IFIN-HH</subfield></datafield><datafield ind1=" " ind2=" " tag="080"><subfield code="a">539.2(061.3):539.172.3(061.3)</subfield></datafield><datafield ind1="1" ind2=" " tag="100"><subfield code="a">Gruverman, Irwing J</subfield></datafield><datafield ind1="1" ind2="0" tag="245"><subfield code="a">Mossbauer effect methodology</subfield><subfield code="b">Volume 10 proceedings of the tenth symposium on mossbauer effect methodology held in new york city, february 1, 1976</subfield><subfield code="c">Irwing j. gruverman, carl w. siedel (eds.)</subfield></datafield><datafield ind1=" " ind2=" " tag="260"><subfield code="a">New York</subfield><subfield code="b">Plenum Press</subfield><subfield code="c">1976</subfield></datafield><datafield ind1=" " ind2=" " tag="300"><subfield code="a">354P</subfield></datafield><datafield ind1="1" ind2=" " tag="490"><subfield code="a">A Publication Of The New England Nuclear Corporation</subfield></datafield><datafield ind1="1" ind2=" " tag="700"><subfield code="a">Siedel, Carl W</subfield><subfield code="e">Ed</subfield></datafield><datafield ind1=" " ind2=" " tag="852"><subfield code="a">24295</subfield><subfield code="c">539.163.2</subfield></datafield><datafield ind1=" " ind2=" " tag="CAT"><subfield code="a">Sys</subfield><subfield code="c">20120521</subfield><subfield code="h">133352</subfield></datafield></record></collection>